% Use this file for citations not found in the ACL Anthology (contained in "anthology.bib").
@article{dao2022flashattention,
  title={Flashattention: Fast and memory-efficient exact attention with io-awareness},
  author={Dao, Tri and Fu, Dan and Ermon, Stefano and Rudra, Atri and R{\'e}, Christopher},
  journal={Advances in neural information processing systems},
  volume={35},
  pages={16344--16359},
  year={2022}
}

@article{dao2023flashattention,
  title={Flashattention-2: Faster attention with better parallelism and work partitioning},
  author={Dao, Tri},
  journal={arXiv preprint arXiv:2307.08691},
  year={2023}
}